@article{Birdetal2001,
Author = {Bird, R. B. and Smith, E. A. and Bird, D. W.},
Title = {The {H}unting {H}andicap: {C}ostly {S}ignaling in {H}uman
{H}oraging {S}trategies },
Journal = {Behavioral Ecology and Sociobiology},
Volume = {50},
Pages = {9-19},
Year = {2001} }

@inproceedings{liang2016cnn,
  title={CNN-based image analysis for malaria diagnosis},
  author={Liang, Zhaohui and Powell, Andrew and Ersoy, Ilker and Poostchi, Mahdieh and Silamut, Kamolrat and Palaniappan, Kannappan and Guo, Peng and Hossain, Md Amir and Sameer, Antani and Maude, Richard James and others},
  booktitle={2016 IEEE international conference on bioinformatics and biomedicine (BIBM)},
  pages={493--496},
  year={2016},
  organization={IEEE}
}

@inproceedings{dong2017evaluations,
  title={Evaluations of deep convolutional neural networks for automatic identification of malaria infected cells},
  author={Dong, Yuhang and Jiang, Zhuocheng and Shen, Hongda and Pan, W David and Williams, Lance A and Reddy, Vishnu VB and Benjamin, William H and Bryan, Allen W},
  booktitle={2017 IEEE EMBS international conference on biomedical \& health informatics (BHI)},
  pages={101--104},
  year={2017},
  organization={IEEE}
}

@inproceedings{hung2017applying,
  title={Applying faster R-CNN for object detection on malaria images},
  author={Hung, Jane and Carpenter, Anne},
  booktitle={Proceedings of the IEEE conference on computer vision and pattern recognition workshops},
  pages={56--61},
  year={2017}
}

@article{bibin2017malaria,
  title={Malaria parasite detection from peripheral blood smear images using deep belief networks},
  author={Bibin, Dhanya and Nair, Madhu S and Punitha, P},
  journal={IEEE Access},
  volume={5},
  pages={9099--9108},
  year={2017},
  publisher={IEEE}
}

@inproceedings{anantharaman2018utilizing,
  title={Utilizing mask R-CNN for detection and segmentation of oral diseases},
  author={Anantharaman, Rajaram and Velazquez, Matthew and Lee, Yugyung},
  booktitle={2018 IEEE international conference on bioinformatics and biomedicine (BIBM)},
  pages={2197--2204},
  year={2018},
  organization={IEEE}
}

@article{fuhad2020deep,
  title={Deep learning based automatic malaria parasite detection from blood smear and its smartphone based application},
  author={Fuhad, KM and Tuba, Jannat Ferdousey and Sarker, Md and Ali, Rabiul and Momen, Sifat and Mohammed, Nabeel and Rahman, Tanzilur},
  journal={Diagnostics},
  volume={10},
  number={5},
  pages={329},
  year={2020},
  publisher={Multidisciplinary Digital Publishing Institute}
}

@article{umer2020novel,
  title={A novel stacked CNN for malarial parasite detection in thin blood smear images},
  author={Umer, Muhammad and Sadiq, Saima and Ahmad, Muhammad and Ullah, Saleem and Choi, Gyu Sang and Mehmood, Arif},
  journal={IEEE Access},
  volume={8},
  pages={93782--93792},
  year={2020},
  publisher={IEEE}
}

@inproceedings{chato2017machine,
  title={Machine learning and deep learning techniques to predict overall survival of brain tumor patients using MRI images},
  author={Chato, Lina and Latifi, Shahram},
  booktitle={2017 IEEE 17th international conference on bioinformatics and bioengineering (BIBE)},
  pages={9--14},
  year={2017},
  organization={IEEE}
}

@inproceedings{liang2014deep,
  title={Deep learning for healthcare decision making with EMRs},
  author={Liang, Znaonui and Zhang, Gang and Huang, Jimmy Xiangji and Hu, Qmming Vivian},
  booktitle={2014 IEEE International Conference on Bioinformatics and Biomedicine (BIBM)},
  pages={556--559},
  year={2014},
  organization={IEEE}
}

@inproceedings{chang2017method,
  title={A method for classifying medical images using transfer learning: A pilot study on histopathology of breast cancer},
  author={Chang, Jongwon and Yu, Jisang and Han, Taehwa and Chang, Hyuk-jae and Park, Eunjeong},
  booktitle={2017 IEEE 19th international conference on e-health networking, applications and services (Healthcom)},
  pages={1--4},
  year={2017},
  organization={IEEE}
}

@misc{wikichicken,
title={Chicken on wikipedia},
url={https://en.wikipedia.org/wiki/Chicken},
howpublished={Available: 
https://en.wikipedia.org/wiki/Chicken
}}



@inproceedings{rahman2018dynamic,
  title={Dynamic time warping assisted SVM classifier for Bangla speech recognition},
  author={Rahman, Md Masudur and Dipta, Debopriya Roy and Hasan, Md Mahbub},
  booktitle={2018 International Conference on Computer, Communication, Chemical, Material and Electronic Engineering (IC4ME2)},
  pages={1--6},
  year={2018},
  organization={IEEE}
}

@inproceedings{badshah2017speech,
  title={Speech emotion recognition from spectrograms with deep convolutional neural network},
  author={Badshah, Abdul Malik and Ahmad, Jamil and Rahim, Nasir and Baik, Sung Wook},
  booktitle={2017 international conference on platform technology and service (PlatCon)},
  pages={1--5},
  year={2017},
  organization={IEEE}
}

@inproceedings{satt2017efficient,
  title={Efficient emotion recognition from speech using deep learning on spectrograms.},
  author={Satt, Aharon and Rozenberg, Shai and Hoory, Ron and others},
  booktitle={Interspeech},
  pages={1089--1093},
  year={2017}
}

@article{chen20183,
  title={3-D convolutional recurrent neural networks with attention model for speech emotion recognition},
  author={Chen, Mingyi and He, Xuanji and Yang, Jing and Zhang, Han},
  journal={IEEE Signal Processing Letters},
  volume={25},
  number={10},
  pages={1440--1444},
  year={2018},
  publisher={IEEE}
}



